<record><leader>00000cas a22000007a 4500</leader><controlfield tag="001">26040679</controlfield><controlfield tag="008">920618d19241951iluwr ne      0    0eng d</controlfield><datafield ind1=" " ind2=" " tag="010"><subfield code="a">sn 92053281 </subfield></datafield><datafield ind1=" " ind2=" " tag="040"><subfield code="a">NVF</subfield><subfield code="b">eng</subfield><subfield code="c">NVF</subfield><subfield code="d">CVF</subfield><subfield code="d">NVF</subfield><subfield code="d">OCLCQ</subfield></datafield><datafield ind1=" " ind2=" " tag="042"><subfield code="a">msc</subfield></datafield><datafield ind1=" " ind2=" " tag="043"><subfield code="a">n-us-il</subfield></datafield><datafield ind1="0" ind2="4" tag="245"><subfield code="a">The Wyanet record.</subfield></datafield><datafield ind1=" " ind2=" " tag="260"><subfield code="a">Wyanet [Ill.] :</subfield><subfield code="b">Wyanet Print Shop,</subfield><subfield code="c">1924-1951.</subfield></datafield><datafield ind1=" " ind2=" " tag="300"><subfield code="a">v.</subfield></datafield><datafield ind1=" " ind2=" " tag="310"><subfield code="a">Weekly,</subfield><subfield code="b">June 26, 1925-&lt;Jan. 19, 1951&gt;</subfield></datafield><datafield ind1=" " ind2=" " tag="321"><subfield code="a">Irregular,</subfield><subfield code="b">1924-June 12, 1925</subfield></datafield><datafield ind1="0" ind2=" " tag="362"><subfield code="a">July 22, 1924-</subfield></datafield><datafield ind1="1" ind2=" " tag="362"><subfield code="a">Ceased in Aug. 1951.</subfield></datafield><datafield ind1=" " ind2=" " tag="580"><subfield code="a">Issued with: Sheffield times (Sheffield, Ill.), Aug. 5-Sept. 2, 1937.</subfield></datafield><datafield ind1=" " ind2=" " tag="588"><subfield code="a">Latest issue consulted: Vol. 25, no. 3 (Jan. 19, 1951).</subfield></datafield><datafield ind1=" " ind2="4" tag="651"><subfield code="a">Wyanet (Ill.)</subfield><subfield code="v">Newspapers.</subfield></datafield><datafield ind1=" " ind2=" " tag="752"><subfield code="a">United States</subfield><subfield code="b">Illinois</subfield><subfield code="c">Bureau</subfield><subfield code="d">Wyanet.</subfield></datafield><datafield ind1="1" ind2=" " tag="777"><subfield code="t">Sheffield times (Sheffield, Ill.)</subfield><subfield code="w">(DLC)sn 86063879</subfield><subfield code="w">(OCoLC)13474774</subfield></datafield><datafield ind1="0" ind2="4" tag="785"><subfield code="t">Tiskilwa chief</subfield><subfield code="w">(DLC)sn 92053279</subfield><subfield code="w">(OCoLC)26040577</subfield></datafield><datafield ind1="1" ind2=" " tag="029"><subfield code="a">AU@</subfield><subfield code="b">000026436727</subfield></datafield></record>